<?xml version="1.0" encoding="utf-8"?>
<record xmlns="http://www.loc.gov/MARC21/slim" xmlns:xsi="http://www.w3.org/2001/XMLSchema-instance" xsi:schemaLocation="http://www.loc.gov/MARC21/slim http://www.loc.gov/standards/marcxml/schema/MARC21slim.xsd">
	<leader>     nam a22     Mi 4500</leader>
	<controlfield tag="001">b13171604</controlfield>
	<controlfield tag="003">UaCaAUL</controlfield>
	<controlfield tag="006">m        d        </controlfield>
	<controlfield tag="007">cr cn |||m|||a</controlfield>
	<controlfield tag="008">180411ruuuu1898le      o     000 0 ara d</controlfield>
	<datafield ind1=" " ind2=" " tag="040">
		<subfield code="a">ZYU</subfield>
		<subfield code="b">eng</subfield>
		<subfield code="e">rda</subfield>
		<subfield code="c">ZYU</subfield>
	</datafield>
	<datafield ind1=" " ind2="4" tag="050">
		<subfield code="a">BP130.4</subfield>
		<subfield code="b">.W284 1898</subfield>
	</datafield>
	<datafield ind1="1" ind2=" " tag="100">
		<subfield code="6">880-01</subfield>
		<subfield code="a">Wāḥidī, Abū al-Ḥasan ʻAlī ibn Aḥmad,</subfield>
		<subfield code="d">-1075 or 1076.</subfield>
	</datafield>
	<datafield ind1="1" ind2="0" tag="245">
		<subfield code="6">880-02</subfield>
		<subfield code="a">Asbāb al-nuzūl /</subfield>
		<subfield code="c">taṣnīf al-Shaykh al-Imām Abī al-Ḥasan ʻalī ibn Aḥmad al-Wāḥidī al-Nīsāburī. Wa-bi-hāmishihi al-Nāsikh wa-al-mansūkh / taʼlīf al-Shaykh al-Imām al-muḥaqqiq Abī al-Qāsim Hibat Allāh ibn Salāmah Abī al-Naṣr.</subfield>
	</datafield>
	<datafield ind1=" " ind2="1" tag="264">
		<subfield code="6">880-03</subfield>
		<subfield code="a">Bayrūt :</subfield>
		<subfield code="b">ʻĀlam al-Kutub,</subfield>
		<subfield code="c">1898. </subfield>
	</datafield>
	<datafield ind1=" " ind2="2" tag="264">
		<subfield code="6">880-04</subfield>
		<subfield code="a">al-Qāhirah :</subfield>
		<subfield code="b">tawzīʻ Maktabat al-Mutanabbī ;</subfield>
		<subfield code="a">Dimashq :</subfield>
		<subfield code="b">Maktabat Saʻd al-Dīn.</subfield>
	</datafield>
	<datafield ind1=" " ind2=" " tag="300">
		<subfield code="a">online resource (348, 5 pages)</subfield>
	</datafield>
	<datafield ind1=" " ind2=" " tag="336">
		<subfield code="a">text</subfield>
		<subfield code="2">rdacontent</subfield>
	</datafield>
	<datafield ind1=" " ind2=" " tag="337">
		<subfield code="a">computer</subfield>
		<subfield code="2">rdamedia</subfield>
	</datafield>
	<datafield ind1=" " ind2=" " tag="338">
		<subfield code="a">online resource</subfield>
		<subfield code="2">rdacarrier</subfield>
	</datafield>
	<datafield ind1=" " ind2=" " tag="500">
		<subfield code="a">Part of the Arabic Collections Online (ACO) project, contributed by American University in Cairo Library.</subfield>
	</datafield>
	<datafield ind1=" " ind2=" " tag="533">
		<subfield code="a">Electronic reproduction.</subfield>
		<subfield code="b">New York, N.Y. :</subfield>
		<subfield code="c">New York University,</subfield>
		<subfield code="d">2018.</subfield>
		<subfield code="5">NNU</subfield>
	</datafield>
	<datafield ind1=" " ind2=" " tag="534">
		<subfield code="p">Reprint. Originally published : Miṣr : al-Maṭbaʻah al-Hindīyah, 1898.</subfield>
	</datafield>
	<datafield ind1="0" ind2="0" tag="630">
		<subfield code="a">Qurʼan</subfield>
		<subfield code="x">Criticism, interpretation, etc.</subfield>
	</datafield>
	<datafield ind1="0" ind2="0" tag="630">
		<subfield code="a">Qurʼan</subfield>
		<subfield code="v">Commentaries.</subfield>
	</datafield>
	<datafield ind1="0" ind2="0" tag="630">
		<subfield code="a">Qurʼan</subfield>
		<subfield code="x">Abrogator and abrogated verses.</subfield>
	</datafield>
	<datafield ind1="0" ind2="2" tag="700">
		<subfield code="6">880-05</subfield>
		<subfield code="a">Hibat Allāh ibn Salāmah,</subfield>
		<subfield code="d"> -1019.</subfield>
		<subfield code="t">Nāsikh wa-al-mansūkh. </subfield>
	</datafield>
	<datafield ind1="2" ind2=" " tag="710">
		<subfield code="a">American University in Cairo.</subfield>
		<subfield code="b">Library.</subfield>
	</datafield>
	<datafield ind1="0" ind2=" " tag="730">
		<subfield code="a">Arabic Collections Online.</subfield>
	</datafield>
	<datafield ind1="0" ind2="8" tag="776">
		<subfield code="i">Online version:</subfield>
		<subfield code="a">Vāḥidī Nīshābūrī, Abū al-Ḥasan ʻAlī, -1075 or 6.</subfield>
		<subfield code="t">Asbāb al-nuzūl.</subfield>
		<subfield code="d">Bayrūt : ʻĀlam al-Kutub, [197-]</subfield>
		<subfield code="w">(OCoLC)565162633.</subfield>
	</datafield>
	<datafield ind1="0" ind2="8" tag="776">
		<subfield code="i">Print version:</subfield>
		<subfield code="a">Wāḥidī, Abū al-Ḥasan ʻAlī ibn Aḥmad, -1075 or 1076.</subfield>
		<subfield code="t">Asbāb al-nuzūl</subfield>
		<subfield code="w">(UaCaAUL)b13171604</subfield>
	</datafield>
	<datafield ind1="4" ind2="0" tag="856">
		<subfield code="u">http://hdl.handle.net/2333.1/h9w0w0qc</subfield>
	</datafield>
	<datafield ind1="1" ind2=" " tag="880">
		<subfield code="6">100-01</subfield>
		<subfield code="a">واحدي، ابو الحسن علي بن احمد،</subfield>
		<subfield code="d">-1075 or 1076.</subfield>
	</datafield>
	<datafield ind1="1" ind2="0" tag="880">
		<subfield code="6">245-02</subfield>
		<subfield code="a">أسباب النزول /‪</subfield>
		<subfield code="c">تصنيف الشيخ الإمام أبي الحسن علي بن أحمد الواحدي النيسابري. وبهامشه الناسخ والمنسوخ / تأليف الشيخ الإمام المحقق أبي القاسم هبة الله إبن سلامة أبي النصر.</subfield>
	</datafield>
	<datafield ind1=" " ind2="1" tag="880">
		<subfield code="6">264-03</subfield>
		<subfield code="a">بيروت :</subfield>
		<subfield code="b">عالم الكتب،</subfield>
		<subfield code="c">1898. </subfield>
	</datafield>
	<datafield ind1=" " ind2="2" tag="880">
		<subfield code="6">264-04</subfield>
		<subfield code="a">القاهرة :‪</subfield>
		<subfield code="b">توزيع مكتبة المتنبي ؛‪</subfield>
		<subfield code="a">دمشق :‪</subfield>
		<subfield code="b">مكتبة سعد الدين.</subfield>
	</datafield>
	<datafield ind1="0" ind2="2" tag="880">
		<subfield code="6">700-05</subfield>
		<subfield code="a">هبة الله بن سلامة،‪</subfield>
		<subfield code="d">- 1019.</subfield>
		<subfield code="t">ناسخ والمنسوخ.</subfield>
	</datafield>
	<datafield ind1=" " ind2=" " tag="902">
		<subfield code="a">171011</subfield>
	</datafield>
	<datafield ind1=" " ind2=" " tag="959">
		<subfield code="a">NNU</subfield>
		<subfield code="b">WEB</subfield>
		<subfield code="c">GENI</subfield>
		<subfield code="t">0</subfield>
		<subfield code="m">Electronic access</subfield>
		<subfield code="s">01</subfield>
	</datafield>
	<datafield ind1=" " ind2=" " tag="999">
		<subfield code="i">UaCaAUL_b13171604</subfield>
		<subfield code="s">auc_aco000313</subfield>
		<subfield code="s">auc_aco000313</subfield>
	</datafield>
</record>
